<record><leader>00000cas a22000007a 4500</leader><controlfield tag="001">22914432</controlfield><controlfield tag="008">910102d18981975mauwr ne      0    0eng d</controlfield><datafield ind1=" " ind2=" " tag="010"><subfield code="a">sn 89063417 </subfield></datafield><datafield ind1=" " ind2=" " tag="040"><subfield code="a">MGN</subfield><subfield code="b">eng</subfield><subfield code="c">MGN</subfield><subfield code="d">OCLCQ</subfield></datafield><datafield ind1=" " ind2=" " tag="042"><subfield code="a">msc</subfield></datafield><datafield ind1="0" ind2=" " tag="130"><subfield code="a">Wareham courier (Wareham, Mass. : 1898)</subfield></datafield><datafield ind1="1" ind2="4" tag="245"><subfield code="a">The Wareham courier.</subfield></datafield><datafield ind1="3" ind2="0" tag="246"><subfield code="a">Wareham courier and Cape Cod news</subfield></datafield><datafield ind1=" " ind2=" " tag="260"><subfield code="a">Wareham, Mass. :</subfield><subfield code="b">Waldo B. Hutchinson</subfield></datafield><datafield ind1=" " ind2=" " tag="300"><subfield code="a">v.</subfield></datafield><datafield ind1=" " ind2=" " tag="310"><subfield code="a">Weekly</subfield></datafield><datafield ind1="1" ind2=" " tag="362"><subfield code="a">Began in 1898?</subfield></datafield><datafield ind1="0" ind2=" " tag="362"><subfield code="a">-v. 81, no. 23 (May 28, 1975).</subfield></datafield><datafield ind1=" " ind2=" " tag="500"><subfield code="a">Published as: The Wareham courier and Cape Cod news, Oct. 13, 1938-Mar. 1939.</subfield></datafield><datafield ind1=" " ind2=" " tag="500"><subfield code="a">Section two devoted to Bourne and Sandwich Jan. 1, 1955-Feb. 27, 1958; to Bourne Mar. 6, 1958-Feb. 5, 1959.</subfield></datafield><datafield ind1=" " ind2=" " tag="588"><subfield code="a">Description based on: Vol. 7, no. 12 (Jan. 6, 1905).</subfield></datafield><datafield ind1=" " ind2=" " tag="752"><subfield code="a">United States</subfield><subfield code="b">Massachusetts</subfield><subfield code="c">Plymouth</subfield><subfield code="d">Wareham.</subfield></datafield><datafield ind1=" " ind2=" " tag="752"><subfield code="a">United States</subfield><subfield code="b">Massachusetts</subfield><subfield code="c">Barnstable</subfield><subfield code="d">Bourne.</subfield></datafield><datafield ind1=" " ind2=" " tag="752"><subfield code="a">United States</subfield><subfield code="b">Massachusetts</subfield><subfield code="c">Barnstable</subfield><subfield code="d">Sandwich.</subfield></datafield><datafield ind1="0" ind2="5" tag="780"><subfield code="t">Cape Cod news (Yarmouth, Mass.)</subfield><subfield code="w">(DLC)sn 91058140</subfield></datafield><datafield ind1="0" ind2="0" tag="785"><subfield code="t">Courier (Wareham, Mass.)</subfield><subfield code="w">(DLC)sn 89063418</subfield></datafield></record>